% Encoding: UTF-8

@InProceedings{Boneh2001,
  author    = {Dan Boneh and Ben Lynn and Hovav Shacham},
  booktitle = {Advances in Cryptology - {ASIACRYPT} 2001, 7th International Conference on the Theory and Application of Cryptology and Information Security, Gold Coast, Australia, December 9-13, 2001, Proceedings},
  title     = {Short Signatures from the Weil Pairing},
  year      = {2001},
  editor    = {Colin Boyd},
  pages     = {514--532},
  publisher = {Springer},
  series    = {Lecture Notes in Computer Science},
  volume    = {2248},
  bibsource = {dblp computer science bibliography, https://dblp.org},
  biburl    = {https://dblp.org/rec/conf/asiacrypt/BonehLS01.bib},
  doi       = {10.1007/3-540-45682-1\_30},
  url       = {https://doi.org/10.1007/3-540-45682-1_30},
}

@Book{Boneh2023,
  author = {Dan Boneh and Victor Shoup},
  title  = {A Graduate Course in Applied Cryptography},
  year   = {2023},
  note   = {draft of a book, version 0.6},
  url    = {https://toc.cryptobook.us/},
}

@Comment{jabref-meta: databaseType:bibtex;}
